@article{DIKRR,
  author    = {Christopher De Sa and
               Ihab F. Ilyas and
               Benny Kimelfeld and
               Christopher R{\'{e}} and
               Theodoros Rekatsinas},
  title     = {A Formal Framework For Probabilistic Unclean Databases},
  journal   = {CoRR},
  volume    = {abs/1801.06750},
  year      = {2018},
  url       = {http://arxiv.org/abs/1801.06750},
  archivePrefix = {arXiv},
  eprint    = {1801.06750},
  timestamp = {Mon, 13 Aug 2018 16:47:12 +0200},
  biburl    = {https://dblp.org/rec/journals/corr/abs-1801-06750.bib},
  bibsource = {dblp computer science bibliography, https://dblp.org}
}

@article{holoclean,
	author = {Theodoros Rekatsinas and Xu Chu and Ihab F. Ilyas
	              and Christopher R{\'{e}}},
	title = {Holoclean: Holistic data repairs with probabilistic inference},
	journal = {PVLDB},
	year = {2018}
}

@article{BSIB,
	author ={George Beskales and Mohamed A. Soliman and Ihab F. Ilyas
	             and Shai Ben-David},
	title = {Modeling and Querying Possible Repairs in Duplicate Detection},
	journal = {PVLDB},
	year = {2009}}
	
@article{GDR,
	author = {Mohamed Yakout
	              and Ahmed K. Elmagarmid and Jennifer Neville
	              and Mourad Ouzzani and Ihab F. Ilyas},
	title = {Guided data repair},
	journal = {PVLDB},
	year = {2011}}
	
@article{ID3,
	author = {J. R. Quinlan},
	title = {Introduction of Decision Tree},
	year = {1986},
	journal = {Machine Learning}}
	
@inproceedings{CLT,
author = {Liu, Bing and Xia, Yiyuan and Yu, Philip S.},
title = {Clustering through Decision Tree Construction},
year = {2000},
isbn = {1581133200},
publisher = {Association for Computing Machinery},
address = {New York, NY, USA},
url = {https://doi.org/10.1145/354756.354775},
doi = {10.1145/354756.354775},
booktitle = {Proceedings of the Ninth International Conference on Information and Knowledge Management},
pages = {20–29},
numpages = {10},
location = {McLean, Virginia, USA},
series = {CIKM ’00}
}

@article{boostclean,
  title={Boostclean: Automated error detection and repair for machine learning},
  author={Krishnan, Sanjay and Franklin, Michael J and Goldberg, Ken and Wu, Eugene},
  journal={arXiv preprint arXiv:1711.01299},
  year={2017}
}

@article{subspace,
author = {Parsons, Lance and Haque, Ehtesham and Liu, Huan},
title = {Subspace Clustering for High Dimensional Data: A Review},
year = {2004},
issue_date = {June 2004},
publisher = {Association for Computing Machinery},
address = {New York, NY, USA},
volume = {6},
number = {1},
issn = {1931-0145},
url = {https://doi.org/10.1145/1007730.1007731},
doi = {10.1145/1007730.1007731},
journal = {SIGKDD Explor. Newsl.},
month = jun,
pages = {90–105},
numpages = {16},
keywords = {subspace clustering, projected clustering, high dimensional data, clustering survey}
}

@article{ehr1,
  title={Prediction modeling using EHR data: challenges, strategies, and a comparison of machine learning approaches},
  author={Wu, Jionglin and Roy, Jason and Stewart, Walter F},
  journal={Medical care},
  pages={S106--S113},
  year={2010},
  publisher={JSTOR}
}

@article{ehr2,
  title={Challenges to EHR implementation in electronic-versus paper-based office practices},
  author={Zandieh, Stephanie O and Yoon-Flannery, Kahyun and Kuperman, Gilad J and Langsam, Daniel J and Hyman, Daniel and Kaushal, Rainu},
  journal={Journal of general internal medicine},
  volume={23},
  number={6},
  pages={755--761},
  year={2008},
  publisher={Springer}
}

@article{ehr3,
  title={Strategies for handling missing data in electronic health record derived data},
  author={Wells, Brian J and Chagin, Kevin M and Nowacki, Amy S and Kattan, Michael W},
  journal={Egems},
  volume={1},
  number={3},
  year={2013},
  publisher={Ubiquity Press}
}
	
	
	
	
	
	
	
	
	
	
	
	
	